<record><leader>00000cas a22000007a 4500</leader><controlfield tag="001">13556418</controlfield><controlfield tag="008">860512d18841961wiuwr ne      0    0eng d</controlfield><datafield ind1=" " ind2=" " tag="010"><subfield code="a">sn 86086467 </subfield></datafield><datafield ind1=" " ind2=" " tag="040"><subfield code="a">NPV</subfield><subfield code="b">eng</subfield><subfield code="c">NPV</subfield><subfield code="d">OCLCQ</subfield></datafield><datafield ind1=" " ind2=" " tag="042"><subfield code="a">msc</subfield></datafield><datafield ind1=" " ind2=" " tag="045"><subfield code="a">w8x6</subfield></datafield><datafield ind1=" " ind2=" " tag="052"><subfield code="a">4123</subfield><subfield code="b">S3</subfield></datafield><datafield ind1="0" ind2="4" tag="245"><subfield code="a">The Weekly home news.</subfield></datafield><datafield ind1=" " ind2=" " tag="260"><subfield code="a">Spring Green, Wis. :</subfield><subfield code="b">P.W. Meehan,</subfield><subfield code="c">1884-1961.</subfield></datafield><datafield ind1=" " ind2=" " tag="300"><subfield code="a">78 v. :</subfield><subfield code="b">ill.</subfield></datafield><datafield ind1=" " ind2=" " tag="310"><subfield code="a">Weekly</subfield></datafield><datafield ind1="0" ind2=" " tag="362"><subfield code="a">Vol. 3, no. 20 (Feb. 21, 1884)-80th year, no. 30 (Feb. 2, 1961).</subfield></datafield><datafield ind1=" " ind2=" " tag="500"><subfield code="a">Publisher varies.</subfield></datafield><datafield ind1=" " ind2=" " tag="500"><subfield code="a">"Serving Spring Green, Plain and adjacent areas."</subfield></datafield><datafield ind1=" " ind2=" " tag="500"><subfield code="a">Editors: P.W. Meehan, Feb. 21, 1884-Nov. 15, 1888; W.R. Purdy, Nov. 22, 1888-Jan. 6, 1916; Mrs. R.H. Purdy, Jan. 19, 1939-July 2, 1942; C. Spalthoff, July 9, 1942-Dec. 28, 1944; V.E. Hill, Jan. 4, 1945-Feb. 2, 1961.</subfield></datafield><datafield ind1=" " ind2=" " tag="525"><subfield code="a">Supplements accompany some issues.</subfield></datafield><datafield ind1=" " ind2=" " tag="530"><subfield code="a">Available on microfilm from The State Historical Society of Wisconsin.</subfield></datafield><datafield ind1=" " ind2=" " tag="752"><subfield code="a">United States</subfield><subfield code="b">Wisconsin</subfield><subfield code="c">Sauk</subfield><subfield code="d">Spring Green.</subfield></datafield><datafield ind1=" " ind2=" " tag="752"><subfield code="a">United States</subfield><subfield code="b">Wisconsin</subfield><subfield code="c">Sauk</subfield><subfield code="d">Plain.</subfield></datafield><datafield ind1="0" ind2="0" tag="780"><subfield code="t">Spring Green news</subfield><subfield code="w">(DLC)sn 86086466</subfield></datafield><datafield ind1="0" ind2="0" tag="785"><subfield code="t">Weekly home news of the River Valley area</subfield><subfield code="w">(DLC)sn 86086468</subfield></datafield><datafield ind1="1" ind2=" " tag="029"><subfield code="a">AU@</subfield><subfield code="b">000025829343</subfield></datafield></record>